<?xml version="1.0" encoding="UTF-8"?>
<!DOCTYPE html PUBLIC "-//W3C//DTD XHTML 1.0 Transitional//EN"
    "http://www.w3.org/TR/xhtml1/DTD/xhtml1-transitional.dtd">
<html xmlns="http://www.w3.org/1999/xhtml" xml:lang="en" lang="en">
 <head>
  <title>
</title>
<meta http-equiv="Content-Type" content="text/html;charset=utf-8" />
  <meta name='ocr-system' content='tesseract 3.04.00' />
  <meta name='ocr-capabilities' content='ocr_page ocr_carea ocr_par ocr_line ocrx_word'/>
</head>
<body>
  <div class='ocr_page' id='page_1' title='image "./pvergilimaronis05nettgoog/pvergilimaronis05nettgoog_0072.png"; bbox 0 0 3117 5009; ppageno 0'>
   <div class='ocr_carea' id='block_1_1' title="bbox 205 1180 1408 1444">
    <p class='ocr_par' dir='ltr' id='par_1_1' title="bbox 205 1180 1408 1444">
     <span class='ocr_line' id='line_1_1' title="bbox 205 1180 1408 1268; baseline 0.011 -13"><span class='ocrx_word' id='word_1_1' title='bbox 205 1180 486 1258; x_wconf 84' lang='lat' dir='ltr'>EVIDENGE</span> <span class='ocrx_word' id='word_1_2' title='bbox 514 1183 668 1259; x_wconf 82' lang='lat' dir='ltr'><strong>FROM</strong></span> <span class='ocrx_word' id='word_1_3' title='bbox 700 1183 945 1262; x_wconf 79' lang='lat' dir='ltr'>ANOIENT</span> <span class='ocrx_word' id='word_1_4' title='bbox 971 1186 1223 1265; x_wconf 83' lang='lat' dir='ltr'>WRITERS</span> <span class='ocrx_word' id='word_1_5' title='bbox 1249 1191 1314 1267; x_wconf 88' lang='lat' dir='ltr'>AS</span> <span class='ocrx_word' id='word_1_6' title='bbox 1341 1192 1408 1268; x_wconf 86' lang='lat' dir='ltr'>TO</span> 
     </span>
     <span class='ocr_line' id='line_1_2' title="bbox 289 1307 1342 1444; baseline 0.009 -49"><span class='ocrx_word' id='word_1_7' title='bbox 289 1322 399 1395; x_wconf 79' lang='lat' dir='ltr'>THE</span> <span class='ocrx_word' id='word_1_8' title='bbox 437 1307 806 1400; x_wconf 81' lang='lat' dir='ltr'>COMPOSITION</span> <span class='ocrx_word' id='word_1_9' title='bbox 841 1325 908 1401; x_wconf 86' lang='lat' dir='ltr'>OF</span> <span class='ocrx_word' id='word_1_10' title='bbox 945 1327 1056 1401; x_wconf 84' lang='lat' dir='ltr'>THE</span> <span class='ocrx_word' id='word_1_11' title='bbox 1091 1328 1342 1444; x_wconf 76' lang='grc' dir='ltr'>ΑΕΝΕΙΙ).Ι</span> 
     </span>
    </p>
   </div>
   <div class='ocr_carea' id='block_1_2' title="bbox 578 1513 1032 1592">
    <p class='ocr_par' dir='ltr' id='par_1_2' title="bbox 578 1513 1032 1592">
     <span class='ocr_line' id='line_1_3' title="bbox 578 1513 1032 1592; baseline 0.002 -20"><span class='ocrx_word' id='word_1_12' title='bbox 578 1513 743 1584; x_wconf 71' lang='lat' dir='ltr'><strong><em>Suetonius,</em></strong></span> <span class='ocrx_word' id='word_1_13' title='bbox 759 1517 777 1543; x_wconf 92' lang='lat'>“</span> <span class='ocrx_word' id='word_1_14' title='bbox 790 1513 860 1573; x_wconf 81' lang='lat' dir='ltr'>Vita</span> <span class='ocrx_word' id='word_1_15' title='bbox 877 1514 1032 1592; x_wconf 49' lang='lat' dir='ltr'>Vergilii?</span> 
     </span>
    </p>
   </div>
   <div class='ocr_carea' id='block_1_3' title="bbox 194 1669 1418 2316">
    <p class='ocr_par' dir='ltr' id='par_1_3' title="bbox 197 1669 1406 2037">
     <span class='ocr_line' id='line_1_4' title="bbox 240 1669 1405 1761; baseline 0.006 -21"><span class='ocrx_word' id='word_1_16' title='bbox 240 1681 287 1740; x_wconf 78' lang='lat'>21.</span> <span class='ocrx_word' id='word_1_17' title='bbox 309 1679 483 1739; x_wconf 84' lang='lat' dir='ltr'>Novissime</span> <span class='ocrx_word' id='word_1_18' title='bbox 500 1669 669 1741; x_wconf 81' lang='lat' dir='ltr'>Aeneidem</span> <span class='ocrx_word' id='word_1_19' title='bbox 684 1681 848 1754; x_wconf 83' lang='lat' dir='ltr'>incohavit,</span> <span class='ocrx_word' id='word_1_20' title='bbox 867 1674 1086 1761; x_wconf 52' lang='lat' dir='ltr'>augumentum</span> <span class='ocrx_word' id='word_1_21' title='bbox 1104 1686 1226 1744; x_wconf 81' lang='lat' dir='ltr'>varium</span> <span class='ocrx_word' id='word_1_22' title='bbox 1250 1707 1286 1747; x_wconf 86' lang='lat' dir='ltr'>ao</span> <span class='ocrx_word' id='word_1_23' title='bbox 1305 1689 1405 1747; x_wconf 91' lang='lat' dir='ltr'>multi-</span> 
     </span>
     <span class='ocr_line' id='line_1_5' title="bbox 198 1769 1406 1853; baseline 0.004 -22"><span class='ocrx_word' id='word_1_24' title='bbox 198 1774 270 1852; x_wconf 87' lang='lat' dir='ltr'>plex</span> <span class='ocrx_word' id='word_1_25' title='bbox 283 1777 315 1829; x_wconf 90' lang='lat' dir='ltr'>et</span> <span class='ocrx_word' id='word_1_26' title='bbox 328 1770 416 1849; x_wconf 90' lang='lat' dir='ltr'>quasi</span> <span class='ocrx_word' id='word_1_27' title='bbox 429 1771 590 1832; x_wconf 90' lang='lat' dir='ltr'>amborum</span> <span class='ocrx_word' id='word_1_28' title='bbox 604 1773 733 1833; x_wconf 85' lang='lat' dir='ltr'>Homeri</span> <span class='ocrx_word' id='word_1_29' title='bbox 745 1769 918 1833; x_wconf 78' lang='lat' dir='ltr'>carminum</span> <span class='ocrx_word' id='word_1_30' title='bbox 931 1774 1038 1846; x_wconf 86' lang='lat' dir='ltr'>instar,</span> <span class='ocrx_word' id='word_1_31' title='bbox 1054 1780 1213 1853; x_wconf 89' lang='lat' dir='ltr'>praeterea</span> <span class='ocrx_word' id='word_1_32' title='bbox 1230 1779 1406 1839; x_wconf 81' lang='lat' dir='ltr'>nominibus</span> 
     </span>
     <span class='ocr_line' id='line_1_6' title="bbox 197 1863 1406 1946; baseline 0.002 -19"><span class='ocrx_word' id='word_1_33' title='bbox 197 1887 232 1927; x_wconf 79' lang='lat' dir='ltr'>aa</span> <span class='ocrx_word' id='word_1_34' title='bbox 243 1865 334 1925; x_wconf 85' lang='lat' dir='ltr'>rebus</span> <span class='ocrx_word' id='word_1_35' title='bbox 344 1863 468 1924; x_wconf 84' lang='lat' dir='ltr'>Graecis</span> <span class='ocrx_word' id='word_1_36' title='bbox 479 1865 659 1945; x_wconf 76' lang='lat' dir='ltr'>Latinisque</span> <span class='ocrx_word' id='word_1_37' title='bbox 672 1886 840 1941; x_wconf 87' lang='lat' dir='ltr'>commune,</span> <span class='ocrx_word' id='word_1_38' title='bbox 852 1872 885 1926; x_wconf 91' lang='lat' dir='ltr'>et</span> <span class='ocrx_word' id='word_1_39' title='bbox 895 1868 930 1925; x_wconf 90' lang='lat' dir='ltr'>in</span> <span class='ocrx_word' id='word_1_40' title='bbox 939 1887 1010 1946; x_wconf 92' lang='lat' dir='ltr'>quc,</span> <span class='ocrx_word' id='word_1_41' title='bbox 1019 1867 1102 1946; x_wconf 86' lang='lat' dir='ltr'>quod</span> <span class='ocrx_word' id='word_1_42' title='bbox 1110 1869 1242 1928; x_wconf 83' lang='lat' dir='ltr'>maxime</span> <span class='ocrx_word' id='word_1_43' title='bbox 1251 1871 1406 1943; x_wconf 74' lang='lat' dir='ltr'><strong>studebat,</strong></span> 
     </span>
     <span class='ocr_line' id='line_1_7' title="bbox 197 1956 1092 2037; baseline 0.003 -22"><span class='ocrx_word' id='word_1_44' title='bbox 197 1957 356 2016; x_wconf 84' lang='lat' dir='ltr'>Romanae</span> <span class='ocrx_word' id='word_1_45' title='bbox 369 1956 462 2016; x_wconf 89' lang='lat' dir='ltr'>simul</span> <span class='ocrx_word' id='word_1_46' title='bbox 476 1958 562 2017; x_wconf 86' lang='lat' dir='ltr'>urbis</span> <span class='ocrx_word' id='word_1_47' title='bbox 576 1964 608 2017; x_wconf 88' lang='lat' dir='ltr'>et</span> <span class='ocrx_word' id='word_1_48' title='bbox 620 1957 758 2036; x_wconf 80' lang='lat' dir='ltr'>Augusti</span> <span class='ocrx_word' id='word_1_49' title='bbox 772 1959 858 2037; x_wconf 83' lang='lat' dir='ltr'>origo</span> <span class='ocrx_word' id='word_1_50' title='bbox 871 1959 1092 2018; x_wconf 75' lang='lat' dir='ltr'>contineretur.</span> 
     </span>
    </p>

    <p class='ocr_par' dir='ltr' id='par_1_4' title="bbox 194 2047 1418 2316">
     <span class='ocr_line' id='line_1_8' title="bbox 205 2047 1401 2130; baseline 0.003 -22"><span class='ocrx_word' id='word_1_51' title='bbox 205 2075 210 2085; x_wconf 93' lang='lat'>·</span> <span class='ocrx_word' id='word_1_52' title='bbox 236 2048 284 2108; x_wconf 84' lang='lat'>23.</span> <span class='ocrx_word' id='word_1_53' title='bbox 309 2047 446 2108; x_wconf 81' lang='lat' dir='ltr'>Aeneida</span> <span class='ocrx_word' id='word_1_54' title='bbox 469 2070 560 2128; x_wconf 90' lang='lat' dir='ltr'>prosa</span> <span class='ocrx_word' id='word_1_55' title='bbox 580 2051 666 2128; x_wconf 90' lang='lat' dir='ltr'>prius</span> <span class='ocrx_word' id='word_1_56' title='bbox 690 2052 828 2110; x_wconf 89' lang='lat' dir='ltr'>oratioue</span> <span class='ocrx_word' id='word_1_57' title='bbox 849 2051 1017 2110; x_wconf 83' lang='lat' dir='ltr'>formatam</span> <span class='ocrx_word' id='word_1_58' title='bbox 1041 2051 1253 2130; x_wconf 85' lang='lat' dir='ltr'>digestamque</span> <span class='ocrx_word' id='word_1_59' title='bbox 1276 2054 1310 2111; x_wconf 91' lang='lat' dir='ltr'>iu</span> <span class='ocrx_word' id='word_1_60' title='bbox 1326 2054 1401 2112; x_wconf 87' lang='lat' dir='ltr'>XII.</span> 
     </span>
     <span class='ocr_line' id='line_1_9' title="bbox 194 2143 1418 2224; baseline 0.002 -21"><span class='ocrx_word' id='word_1_61' title='bbox 194 2146 288 2204; x_wconf 89' lang='lat' dir='ltr'>libros</span> <span class='ocrx_word' id='word_1_62' title='bbox 302 2144 512 2221; x_wconf 80' lang='lat' dir='ltr'>particulatim</span> <span class='ocrx_word' id='word_1_63' title='bbox 524 2164 704 2224; x_wconf 88' lang='lat' dir='ltr'>componere</span> <span class='ocrx_word' id='word_1_64' title='bbox 718 2145 865 2216; x_wconf 86' lang='lat' dir='ltr'>instituit,</span> <span class='ocrx_word' id='word_1_65' title='bbox 887 2148 980 2222; x_wconf 90' lang='lat' dir='ltr'>prout</span> <span class='ocrx_word' id='word_1_66' title='bbox 994 2143 1103 2204; x_wconf 90' lang='lat' dir='ltr'>liberet</span> <span class='ocrx_word' id='word_1_67' title='bbox 1121 2145 1256 2223; x_wconf 88' lang='lat' dir='ltr'>quidque</span> <span class='ocrx_word' id='word_1_68' title='bbox 1276 2152 1309 2206; x_wconf 89' lang='lat' dir='ltr'>et</span> <span class='ocrx_word' id='word_1_69' title='bbox 1322 2148 1418 2205; x_wconf 90' lang='lat' dir='ltr'>nihil&#39;</span> 
     </span>
     <span class='ocr_line' id='line_1_10' title="bbox 194 2235 1402 2316; baseline 0.002 -20"><span class='ocrx_word' id='word_1_70' title='bbox 194 2240 228 2296; x_wconf 91' lang='lat' dir='ltr'>iu</span> <span class='ocrx_word' id='word_1_71' title='bbox 242 2235 381 2295; x_wconf 85' lang='lat' dir='ltr'>ordinem</span> <span class='ocrx_word' id='word_1_72' title='bbox 393 2236 553 2313; x_wconf 85' lang='lat' dir='ltr'>arripiens.</span> <span class='ocrx_word' id='word_1_73' title='bbox 603 2237 651 2296; x_wconf 75' lang='lat'>24.</span> <span class='ocrx_word' id='word_1_74' title='bbox 672 2238 721 2297; x_wconf 86' lang='lat' dir='ltr'>Ac</span> <span class='ocrx_word' id='word_1_75' title='bbox 733 2257 772 2297; x_wconf 89' lang='lat' dir='ltr'>ne</span> <span class='ocrx_word' id='word_1_76' title='bbox 786 2237 863 2315; x_wconf 89' lang='lat' dir='ltr'>quid</span> <span class='ocrx_word' id='word_1_77' title='bbox 883 2236 1037 2314; x_wconf 87' lang='lat' dir='ltr'>impetum</span> <span class='ocrx_word' id='word_1_78' title='bbox 1057 2243 1237 2310; x_wconf 87' lang='lat' dir='ltr'>moraretur,</span> <span class='ocrx_word' id='word_1_79' title='bbox 1253 2239 1402 2316; x_wconf 88' lang='lat' dir='ltr'>quaedam</span> 
     </span>
    </p>
   </div>
   <div class='ocr_carea' id='block_1_4' title="bbox 195 2327 1522 2408">
    <p class='ocr_par' dir='ltr' id='par_1_5' title="bbox 195 2327 1522 2408">
     <span class='ocr_line' id='line_1_11' title="bbox 195 2327 1522 2408; baseline 0.001 -22"><span class='ocrx_word' id='word_1_80' title='bbox 195 2327 376 2406; x_wconf 80' lang='lat' dir='ltr'>imperfecta</span> <span class='ocrx_word' id='word_1_81' title='bbox 390 2328 580 2399; x_wconf 78' lang='lat' dir='ltr'>&#39;transmisit</span> <span class='ocrx_word' id='word_1_82' title='bbox 594 2329 656 2387; x_wconf 90' lang='lat' dir='ltr'>alia</span> <span class='ocrx_word' id='word_1_83' title='bbox 674 2328 837 2397; x_wconf 84' lang='lat' dir='ltr'>levissimis</span> <span class='ocrx_word' id='word_1_84' title='bbox 857 2328 998 2405; x_wconf 82' lang='lat' dir='ltr'>yersibus</span> <span class='ocrx_word' id='word_1_85' title='bbox 1018 2328 1118 2387; x_wconf 89' lang='lat' dir='ltr'>veluti</span> <span class='ocrx_word' id='word_1_86' title='bbox 1133 2328 1231 2400; x_wconf 83' lang='lat' dir='ltr'>fulsit,</span> <span class='ocrx_word' id='word_1_87' title='bbox 1253 2349 1329 2408; x_wconf 89' lang='lat' dir='ltr'>quos</span> <span class='ocrx_word' id='word_1_88' title='bbox 1349 2350 1403 2407; x_wconf 82' lang='lat' dir='ltr'>per</span> <span class='ocrx_word' id='word_1_89' title='bbox 1520 2340 1522 2344; x_wconf 85' lang='lat'>&#39;</span> 
     </span>
    </p>
   </div>
   <div class='ocr_carea' id='block_1_5' title="bbox 189 2418 1403 2864">
    <p class='ocr_par' dir='ltr' id='par_1_6' title="bbox 191 2418 1403 2681">
     <span class='ocr_line' id='line_1_12' title="bbox 193 2418 1403 2499; baseline 0 -20"><span class='ocrx_word' id='word_1_90' title='bbox 193 2421 296 2479; x_wconf 89' lang='lat' dir='ltr'>iocum</span> <span class='ocrx_word' id='word_1_91' title='bbox 319 2437 375 2495; x_wconf 90' lang='lat' dir='ltr'>pro</span> <span class='ocrx_word' id='word_1_92' title='bbox 402 2419 583 2478; x_wconf 90' lang='lat' dir='ltr'>tibiciuibus</span> <span class='ocrx_word' id='word_1_93' title='bbox 607 2418 764 2498; x_wconf 88' lang='lat' dir='ltr'>interponi</span> <span class='ocrx_word' id='word_1_94' title='bbox 785 2420 888 2479; x_wconf 84' lang='lat' dir='ltr'>aiebat</span> <span class='ocrx_word' id='word_1_95' title='bbox 911 2420 951 2479; x_wconf 91' lang='lat' dir='ltr'>ad</span> <span class='ocrx_word' id='word_1_96' title='bbox 972 2418 1187 2479; x_wconf 87' lang='lat' dir='ltr'>sustinendum</span> <span class='ocrx_word' id='word_1_97' title='bbox 1206 2440 1292 2499; x_wconf 87' lang='lat' dir='ltr'>opus,</span> <span class='ocrx_word' id='word_1_98' title='bbox 1307 2422 1403 2479; x_wconf 90' lang='lat' dir='ltr'>donec</span> 
     </span>
     <span class='ocr_line' id='line_1_13' title="bbox 191 2510 1401 2591; baseline 0.002 -21"><span class='ocrx_word' id='word_1_99' title='bbox 191 2512 306 2571; x_wconf 88' lang='lat' dir='ltr'>solidae</span> <span class='ocrx_word' id='word_1_100' title='bbox 334 2512 493 2571; x_wconf 87' lang='lat' dir='ltr'>columnae</span> <span class='ocrx_word' id='word_1_101' title='bbox 514 2510 705 2569; x_wconf 79' lang='lat' dir='ltr'>advenirent.</span> <span class='ocrx_word' id='word_1_102' title='bbox 756 2510 805 2569; x_wconf 81' lang='lat'>25.</span> <span class='ocrx_word' id='word_1_103' title='bbox 825 2510 971 2571; x_wconf 89' lang='lat' dir='ltr'>Bucolica</span> <span class='ocrx_word' id='word_1_104' title='bbox 988 2511 1132 2590; x_wconf 80' lang='lat' dir='ltr'>triennio,</span> <span class='ocrx_word' id='word_1_105' title='bbox 1149 2510 1302 2591; x_wconf 82' lang='lat' dir='ltr'>Georgica</span> <span class='ocrx_word' id='word_1_106' title='bbox 1315 2511 1401 2584; x_wconf 67' lang='lat' dir='ltr'>VII„</span> 
     </span>
     <span class='ocr_line' id='line_1_14' title="bbox 191 2603 666 2681; baseline 0 -19"><span class='ocrx_word' id='word_1_107' title='bbox 191 2604 330 2665; x_wconf 88' lang='lat' dir='ltr'>Aeneida</span> <span class='ocrx_word' id='word_1_108' title='bbox 344 2603 401 2663; x_wconf 90' lang='lat' dir='ltr'>XI.</span> <span class='ocrx_word' id='word_1_109' title='bbox 417 2603 552 2681; x_wconf 80' lang='lat' dir='ltr'>perfecit</span> <span class='ocrx_word' id='word_1_110' title='bbox 565 2603 666 2662; x_wconf 89' lang='lat' dir='ltr'>aunis.</span> 
     </span>
    </p>

    <p class='ocr_par' dir='ltr' id='par_1_7' title="bbox 189 2695 1400 2864">
     <span class='ocr_line' id='line_1_15' title="bbox 230 2695 1400 2777; baseline 0.002 -24"><span class='ocrx_word' id='word_1_111' title='bbox 230 2695 278 2755; x_wconf 87' lang='lat'>30.</span> <span class='ocrx_word' id='word_1_112' title='bbox 299 2695 454 2755; x_wconf 82' lang='lat' dir='ltr'>Aeneidos</span> <span class='ocrx_word' id='word_1_113' title='bbox 476 2695 608 2777; x_wconf 81' lang='lat' dir='ltr'>vixdum</span> <span class='ocrx_word' id='word_1_114' title='bbox 632 2700 758 2773; x_wconf 87' lang='lat' dir='ltr'>coeptae</span> <span class='ocrx_word' id='word_1_115' title='bbox 780 2700 870 2754; x_wconf 91' lang='lat' dir='ltr'>tanta</span> <span class='ocrx_word' id='word_1_116' title='bbox 896 2695 1002 2754; x_wconf 83' lang='lat' dir='ltr'>extitit</span> <span class='ocrx_word' id='word_1_117' title='bbox 1024 2696 1110 2754; x_wconf 83' lang='lat' dir='ltr'>fama</span> <span class='ocrx_word' id='word_1_118' title='bbox 1136 2701 1173 2754; x_wconf 93' lang='lat' dir='ltr'>ut</span> <span class='ocrx_word' id='word_1_119' title='bbox 1193 2696 1306 2757; x_wconf 85' lang='lat' dir='ltr'>Sextus</span> <span class='ocrx_word' id='word_1_120' title='bbox 1326 2698 1400 2756; x_wconf 89' lang='lat' dir='ltr'>Pro-</span> 
     </span>
     <span class='ocr_line' id='line_1_16' title="bbox 189 2786 880 2864; baseline 0.001 -19"><span class='ocrx_word' id='word_1_121' title='bbox 189 2787 307 2863; x_wconf 89' lang='lat' dir='ltr'>pertius</span> <span class='ocrx_word' id='word_1_122' title='bbox 320 2808 384 2845; x_wconf 90' lang='lat' dir='ltr'>non</span> <span class='ocrx_word' id='word_1_123' title='bbox 398 2786 589 2845; x_wconf 82' lang='lat' dir='ltr'>dubitavth</span> <span class='ocrx_word' id='word_1_124' title='bbox 602 2787 648 2846; x_wconf 88' lang='lat' dir='ltr'>sic</span> <span class='ocrx_word' id='word_1_125' title='bbox 660 2787 838 2864; x_wconf 88' lang='lat' dir='ltr'>praedicare</span> <span class='ocrx_word' id='word_1_126' title='bbox 878 2811 880 2815; x_wconf 94' lang='lat'>·</span> 
     </span>
    </p>
   </div>
   <div class='ocr_carea' id='block_1_6' title="bbox 490 2922 1072 3066">
    <p class='ocr_par' dir='ltr' id='par_1_8' title="bbox 490 2922 1072 3066">
     <span class='ocr_line' id='line_1_17' title="bbox 490 2922 1072 2988; baseline -0.005 -15"><span class='ocrx_word' id='word_1_127' title='bbox 490 2923 591 2983; x_wconf 83' lang='lat' dir='ltr'>Gedite,</span> <span class='ocrx_word' id='word_1_128' title='bbox 602 2925 712 2975; x_wconf 86' lang='lat' dir='ltr'>Romani</span> <span class='ocrx_word' id='word_1_129' title='bbox 724 2924 874 2988; x_wconf 82' lang='lat' dir='ltr'>scriptores,</span> <span class='ocrx_word' id='word_1_130' title='bbox 886 2922 982 2982; x_wconf 85' lang='lat' dir='ltr'>cedite,</span> <span class='ocrx_word' id='word_1_131' title='bbox 994 2922 1057 2972; x_wconf 86' lang='lat' dir='ltr'>Grai</span> <span class='ocrx_word' id='word_1_132' title='bbox 1063 2943 1072 2981; x_wconf 70' lang='grc' dir='ltr'><strong>ς</strong></span> 
     </span>
     <span class='ocr_line' id='line_1_18' title="bbox 557 2999 1056 3066; baseline -0.002 -17"><span class='ocrx_word' id='word_1_133' title='bbox 557 3001 652 3050; x_wconf 85' lang='lat' dir='ltr'>Nescio</span> <span class='ocrx_word' id='word_1_134' title='bbox 663 3001 727 3066; x_wconf 88' lang='lat' dir='ltr'>quid</span> <span class='ocrx_word' id='word_1_135' title='bbox 737 3001 824 3050; x_wconf 82' lang='lat' dir='ltr'>maius</span> <span class='ocrx_word' id='word_1_136' title='bbox 834 3000 954 3050; x_wconf 85' lang='lat' dir='ltr'>nascitur</span> <span class='ocrx_word' id='word_1_137' title='bbox 964 2999 1056 3048; x_wconf 79' lang='lat' dir='ltr'>Iliade.</span> 
     </span>
    </p>
   </div>
   <div class='ocr_carea' id='block_1_7' title="bbox 177 3128 1398 4494">
    <p class='ocr_par' dir='ltr' id='par_1_9' title="bbox 177 3128 1398 4494">
     <span class='ocr_line' id='line_1_19' title="bbox 190 3128 1398 3211; baseline 0.001 -21"><span class='ocrx_word' id='word_1_138' title='bbox 190 3129 421 3209; x_wconf 80' lang='lat' dir='ltr'>31..Augustus</span> <span class='ocrx_word' id='word_1_139' title='bbox 445 3150 526 3201; x_wconf 83' lang='lat' dir='ltr'>vero,</span> <span class='ocrx_word' id='word_1_140' title='bbox 552 3151 624 3189; x_wconf 88' lang='lat' dir='ltr'>nam</span> <span class='ocrx_word' id='word_1_141' title='bbox 651 3132 733 3191; x_wconf 83' lang='lat' dir='ltr'>forte</span> <span class='ocrx_word' id='word_1_142' title='bbox 755 3131 948 3209; x_wconf 82' lang='lat' dir='ltr'>expeditione</span> <span class='ocrx_word' id='word_1_143' title='bbox 972 3128 1158 3189; x_wconf 81' lang='lat' dir='ltr'>Cantabrica</span> <span class='ocrx_word' id='word_1_144' title='bbox 1185 3130 1302 3205; x_wconf 89' lang='lat' dir='ltr'>aberat,</span> <span class='ocrx_word' id='word_1_145' title='bbox 1327 3153 1398 3211; x_wconf 88' lang='lat' dir='ltr'>sup-</span> 
     </span>
     <span class='ocr_line' id='line_1_20' title="bbox 189 3219 1397 3300; baseline 0.001 -19"><span class='ocrx_word' id='word_1_146' title='bbox 189 3222 320 3300; x_wconf 85' lang='lat' dir='ltr'>plicibus</span> <span class='ocrx_word' id='word_1_147' title='bbox 340 3226 433 3299; x_wconf 88' lang='lat' dir='ltr'>atque</span> <span class='ocrx_word' id='word_1_148' title='bbox 449 3221 543 3281; x_wconf 88' lang='lat' dir='ltr'>etiam</span> <span class='ocrx_word' id='word_1_149' title='bbox 556 3222 728 3282; x_wconf 86' lang='lat' dir='ltr'>minacibus</span> <span class='ocrx_word' id='word_1_150' title='bbox 745 3242 802 3300; x_wconf 88' lang='lat' dir='ltr'>per</span> <span class='ocrx_word' id='word_1_151' title='bbox 822 3222 924 3281; x_wconf 90' lang='lat' dir='ltr'>iocum</span> <span class='ocrx_word' id='word_1_152' title='bbox 942 3220 1058 3279; x_wconf 82' lang='lat' dir='ltr'>litteris</span> <span class='ocrx_word' id='word_1_153' title='bbox 1076 3219 1264 3297; x_wconf 82' lang='lat' dir='ltr'>efflagitabat</span> <span class='ocrx_word' id='word_1_154' title='bbox 1284 3227 1320 3281; x_wconf 92' lang='lat' dir='ltr'>ut</span> <span class='ocrx_word' id='word_1_155' title='bbox 1336 3224 1397 3282; x_wconf 86' lang='lat' dir='ltr'>eibi</span> 
     </span>
     <span class='ocr_line' id='line_1_21' title="bbox 194 3311 1397 3393; baseline -0.003 -21"><span class='ocrx_word' id='word_1_156' title='bbox 194 3316 212 3344; x_wconf 82' lang='lat'>‘⁴</span> <span class='ocrx_word' id='word_1_157' title='bbox 221 3314 260 3372; x_wconf 92' lang='lat' dir='ltr'>de</span> <span class='ocrx_word' id='word_1_158' title='bbox 272 3311 438 3387; x_wconf 88' lang='lat' dir='ltr'>Aeneide‚”</span> <span class='ocrx_word' id='word_1_159' title='bbox 452 3319 490 3371; x_wconf 88' lang='lat' dir='ltr'>ut</span> <span class='ocrx_word' id='word_1_160' title='bbox 503 3313 600 3391; x_wconf 88' lang='lat' dir='ltr'>ipsius</span> <span class='ocrx_word' id='word_1_161' title='bbox 614 3316 708 3375; x_wconf 83' lang='lat' dir='ltr'>verba</span> <span class='ocrx_word' id='word_1_162' title='bbox 721 3318 805 3386; x_wconf 89' lang='lat' dir='ltr'>sunt,</span> <span class='ocrx_word' id='word_1_163' title='bbox 821 3315 839 3343; x_wconf 89' lang='lat'><strong>“</strong></span> <span class='ocrx_word' id='word_1_164' title='bbox 850 3314 900 3373; x_wconf 83' lang='lat' dir='ltr'>vel</span> <span class='ocrx_word' id='word_1_165' title='bbox 909 3312 1012 3390; x_wconf 89' lang='lat' dir='ltr'>prima</span> <span class='ocrx_word' id='word_1_166' title='bbox 1024 3312 1166 3370; x_wconf 85' lang='lat' dir='ltr'>carminis</span> <span class='ocrx_word' id='word_1_167' title='bbox 1180 3311 1335 3393; x_wconf 76' lang='grc' dir='ltr'>ὖπογραφή</span> <span class='ocrx_word' id='word_1_168' title='bbox 1348 3318 1397 3375; x_wconf 77' lang='lat' dir='ltr'>vel</span> 
     </span>
     <span class='ocr_line' id='line_1_22' title="bbox 188 3399 1396 3481; baseline 0.002 -20"><span class='ocrx_word' id='word_1_169' title='bbox 188 3403 347 3481; x_wconf 88' lang='lat' dir='ltr'>quodlibet</span> <span class='ocrx_word' id='word_1_170' title='bbox 357 3404 444 3463; x_wconf 91' lang='lat' dir='ltr'>colcu</span> <span class='ocrx_word' id='word_1_171' title='bbox 454 3403 661 3463; x_wconf 89' lang='lat' dir='ltr'>mitteretur.”</span> <span class='ocrx_word' id='word_1_172' title='bbox 697 3403 869 3477; x_wconf 65' lang='lat' dir='ltr'>Cuijtamen</span> <span class='ocrx_word' id='word_1_173' title='bbox 879 3404 978 3462; x_wconf 89' lang='lat' dir='ltr'>multo</span> <span class='ocrx_word' id='word_1_174' title='bbox 986 3405 1057 3480; x_wconf 88' lang='lat' dir='ltr'>post</span> <span class='ocrx_word' id='word_1_175' title='bbox 1066 3399 1263 3480; x_wconf 86' lang='lat' dir='ltr'>perfectaque</span> <span class='ocrx_word' id='word_1_176' title='bbox 1273 3404 1396 3464; x_wconf 87' lang='lat' dir='ltr'>demum</span> 
     </span>
     <span class='ocr_line' id='line_1_23' title="bbox 187 3495 1394 3573; baseline 0.001 -18"><span class='ocrx_word' id='word_1_177' title='bbox 187 3495 317 3555; x_wconf 88' lang='lat' dir='ltr'>materia</span> <span class='ocrx_word' id='word_1_178' title='bbox 334 3500 398 3555; x_wconf 89' lang='lat' dir='ltr'>tres</span> <span class='ocrx_word' id='word_1_179' title='bbox 417 3496 542 3555; x_wconf 90' lang='lat' dir='ltr'>omnino</span> <span class='ocrx_word' id='word_1_180' title='bbox 558 3497 653 3557; x_wconf 89' lang='lat' dir='ltr'>libros</span> <span class='ocrx_word' id='word_1_181' title='bbox 671 3498 823 3570; x_wconf 82' lang='lat' dir='ltr'>recitavit,</span> <span class='ocrx_word' id='word_1_182' title='bbox 840 3497 1017 3568; x_wconf 84' lang='lat' dir='ltr'>secundum,</span> <span class='ocrx_word' id='word_1_183' title='bbox 1031 3500 1186 3573; x_wconf 88' lang='lat' dir='ltr'>quartum,</span> <span class='ocrx_word' id='word_1_184' title='bbox 1206 3502 1238 3555; x_wconf 90' lang='lat' dir='ltr'>et</span> <span class='ocrx_word' id='word_1_185' title='bbox 1253 3502 1394 3569; x_wconf 84' lang='lat' dir='ltr'>sextum;</span> 
     </span>
     <span class='ocr_line' id='line_1_24' title="bbox 187 3587 1393 3666; baseline 0.004 -21"><span class='ocrx_word' id='word_1_186' title='bbox 187 3588 236 3645; x_wconf 75' lang='lat'>32.</span> <span class='ocrx_word' id='word_1_187' title='bbox 255 3588 308 3646; x_wconf 88' lang='lat' dir='ltr'>sed</span> <span class='ocrx_word' id='word_1_188' title='bbox 327 3587 411 3646; x_wconf 92' lang='lat' dir='ltr'>hunc</span> <span class='ocrx_word' id='word_1_189' title='bbox 431 3588 565 3647; x_wconf 78' lang='lat' dir='ltr'>notabili</span> <span class='ocrx_word' id='word_1_190' title='bbox 589 3588 737 3650; x_wconf 86' lang='lat' dir='ltr'>Octaviae</span> <span class='ocrx_word' id='word_1_191' title='bbox 758 3589 943 3661; x_wconf 84' lang='lat' dir='ltr'>adfectione,</span> <span class='ocrx_word' id='word_1_192' title='bbox 959 3608 1038 3666; x_wconf 92' lang='lat' dir='ltr'>quae</span> <span class='ocrx_word' id='word_1_193' title='bbox 1060 3607 1132 3646; x_wconf 88' lang='lat' dir='ltr'>eum</span> <span class='ocrx_word' id='word_1_194' title='bbox 1155 3587 1327 3647; x_wconf 82' lang='lat' dir='ltr'>recitationi</span> <span class='ocrx_word' id='word_1_195' title='bbox 1347 3591 1393 3649; x_wconf 91' lang='lat' dir='ltr'>in·</span> 
     </span>
     <span class='ocr_line' id='line_1_25' title="bbox 183 3677 1396 3749; baseline 0.001 -12"><span class='ocrx_word' id='word_1_196' title='bbox 183 3683 323 3749; x_wconf 87' lang='lat' dir='ltr'>teresset,</span> <span class='ocrx_word' id='word_1_197' title='bbox 338 3678 378 3737; x_wconf 90' lang='lat' dir='ltr'>ad</span> <span class='ocrx_word' id='word_1_198' title='bbox 398 3678 468 3738; x_wconf 87' lang='lat' dir='ltr'>illos</span> <span class='ocrx_word' id='word_1_199' title='bbox 491 3679 530 3739; x_wconf 90' lang='lat' dir='ltr'>de</span> <span class='ocrx_word' id='word_1_200' title='bbox 553 3679 618 3739; x_wconf 90' lang='lat' dir='ltr'>filio</span> <span class='ocrx_word' id='word_1_201' title='bbox 640 3699 697 3740; x_wconf 86' lang='lat' dir='ltr'>suo</span> <span class='ocrx_word' id='word_1_202' title='bbox 715 3700 822 3740; x_wconf 87' lang='lat' dir='ltr'>versus</span> <span class='ocrx_word' id='word_1_203' title='bbox 846 3681 925 3739; x_wconf 89' lang='lat' dir='ltr'>“Tu</span> <span class='ocrx_word' id='word_1_204' title='bbox 946 3679 1112 3738; x_wconf 84' lang='lat' dir='ltr'>Marcellus</span> <span class='ocrx_word' id='word_1_205' title='bbox 1134 3678 1195 3736; x_wconf 90' lang='lat' dir='ltr'>eris</span> <span class='ocrx_word' id='word_1_206' title='bbox 1207 3677 1224 3701; x_wconf 85' lang='lat'>’&#39;</span> <span class='ocrx_word' id='word_1_207' title='bbox 1247 3678 1396 3738; x_wconf 82' lang='lat' dir='ltr'>deiecisse</span> 
     </span>
     <span class='ocr_line' id='line_1_26' title="bbox 183 3771 1394 3850; baseline 0.001 -20"><span class='ocrx_word' id='word_1_208' title='bbox 183 3772 284 3830; x_wconf 80' lang='lat' dir='ltr'>fertur</span> <span class='ocrx_word' id='word_1_209' title='bbox 295 3776 389 3849; x_wconf 84' lang='lat' dir='ltr'>atque</span> <span class='ocrx_word' id='word_1_210' title='bbox 402 3791 490 3850; x_wconf 81' lang='lat' dir='ltr'>aegre</span> <span class='ocrx_word' id='word_1_211' title='bbox 504 3773 630 3832; x_wconf 83' lang='lat' dir='ltr'>focilata</span> <span class='ocrx_word' id='word_1_212' title='bbox 643 3778 698 3833; x_wconf 89' lang='lat' dir='ltr'>est.</span> <span class='ocrx_word' id='word_1_213' title='bbox 741 3774 789 3833; x_wconf 82' lang='grc'>34.</span> <span class='ocrx_word' id='word_1_214' title='bbox 804 3773 931 3832; x_wconf 77' lang='lat' dir='ltr'>Erotem</span> <span class='ocrx_word' id='word_1_215' title='bbox 944 3771 1104 3831; x_wconf 89' lang='lat' dir='ltr'>librarium</span> <span class='ocrx_word' id='word_1_216' title='bbox 1117 3771 1183 3828; x_wconf 90' lang='lat' dir='ltr'>eius</span> <span class='ocrx_word' id='word_1_217' title='bbox 1195 3776 1319 3830; x_wconf 84' lang='lat' dir='ltr'>exactae</span> <span class='ocrx_word' id='word_1_218' title='bbox 1331 3771 1394 3831; x_wconf 89' lang='lat' dir='ltr'>iam</span> 
     </span>
     <span class='ocr_line' id='line_1_27' title="bbox 183 3862 1395 3945; baseline -0.001 -22"><span class='ocrx_word' id='word_1_219' title='bbox 183 3865 353 3923; x_wconf 86' lang='lat' dir='ltr'>senectutis</span> <span class='ocrx_word' id='word_1_220' title='bbox 379 3866 508 3923; x_wconf 79' lang='lat' dir='ltr'>tradunt</span> <span class='ocrx_word' id='word_1_221' title='bbox 528 3865 644 3925; x_wconf 86' lang='lat' dir='ltr'>referre</span> <span class='ocrx_word' id='word_1_222' title='bbox 664 3867 791 3926; x_wconf 87' lang='lat' dir='ltr'>solitum</span> <span class='ocrx_word' id='word_1_223' title='bbox 814 3866 971 3945; x_wconf 90' lang='lat' dir='ltr'>qnondam</span> <span class='ocrx_word' id='word_1_224' title='bbox 995 3884 1066 3924; x_wconf 89' lang='lat' dir='ltr'>eum</span> <span class='ocrx_word' id='word_1_225' title='bbox 1086 3864 1120 3920; x_wconf 91' lang='lat' dir='ltr'>in</span> <span class='ocrx_word' id='word_1_226' title='bbox 1137 3862 1295 3922; x_wconf 87' lang='lat' dir='ltr'>recitando</span> <span class='ocrx_word' id='word_1_227' title='bbox 1316 3863 1395 3924; x_wconf 85' lang='lat' dir='ltr'>duos</span> 
     </span>
     <span class='ocr_line' id='line_1_28' title="bbox 184 3954 1395 4035; baseline -0.001 -22"><span class='ocrx_word' id='word_1_228' title='bbox 184 3954 363 4015; x_wconf 84' lang='lat' dir='ltr'>dimidiatos</span> <span class='ocrx_word' id='word_1_229' title='bbox 377 3976 482 4015; x_wconf 85' lang='lat' dir='ltr'>versus</span> <span class='ocrx_word' id='word_1_230' title='bbox 495 3958 663 4032; x_wconf 86' lang='lat' dir='ltr'>complesse</span> <span class='ocrx_word' id='word_1_231' title='bbox 677 3978 716 4016; x_wconf 87' lang='lat' dir='ltr'>ex</span> <span class='ocrx_word' id='word_1_232' title='bbox 728 3963 876 4035; x_wconf 89' lang='lat' dir='ltr'>tempore.</span> <span class='ocrx_word' id='word_1_233' title='bbox 917 3956 1082 4016; x_wconf 86' lang='lat' dir='ltr'>Nemeum</span> <span class='ocrx_word' id='word_1_234' title='bbox 1099 3954 1247 4014; x_wconf 87' lang='lat' dir='ltr'>haetenus</span> <span class='ocrx_word' id='word_1_235' title='bbox 1267 3954 1395 4015; x_wconf 88' lang='lat' dir='ltr'>haberet</span> 
     </span>
     <span class='ocr_line' id='line_1_29' title="bbox 184 4047 1393 4130; baseline 0.003 -25"><span class='ocrx_word' id='word_1_236' title='bbox 184 4051 203 4118; x_wconf 91' lang='lat'>‘.‘</span> <span class='ocrx_word' id='word_1_237' title='bbox 214 4048 371 4108; x_wconf 86' lang='lat' dir='ltr'>Misenum</span> <span class='ocrx_word' id='word_1_238' title='bbox 393 4047 575 4125; x_wconf 80' lang='lat' dir='ltr'>Aeoliden,&#39;’</span> <span class='ocrx_word' id='word_1_239' title='bbox 599 4051 747 4112; x_wconf 87' lang='lat' dir='ltr'>adiecisse</span> <span class='ocrx_word' id='word_1_240' title='bbox 770 4055 860 4130; x_wconf 89' lang='lat' dir='ltr'>“quc</span> <span class='ocrx_word' id='word_1_241' title='bbox 881 4072 944 4112; x_wconf 88' lang='lat' dir='ltr'>non</span> <span class='ocrx_word' id='word_1_242' title='bbox 966 4049 1174 4130; x_wconf 83' lang='lat' dir='ltr'>praestantior</span> <span class='ocrx_word' id='word_1_243' title='bbox 1195 4047 1303 4120; x_wconf 89' lang='lat' dir='ltr'>alter,’&#39;</span> <span class='ocrx_word' id='word_1_244' title='bbox 1316 4050 1393 4109; x_wconf 87' lang='lat' dir='ltr'>item</span> 
     </span>
     <span class='ocr_line' id='line_1_30' title="bbox 182 4141 1390 4216; baseline 0.002 -17"><span class='ocrx_word' id='word_1_245' title='bbox 182 4141 256 4201; x_wconf 90' lang='lat' dir='ltr'>huic</span> <span class='ocrx_word' id='word_1_246' title='bbox 270 4144 288 4172; x_wconf 89' lang='lat'><strong>“</strong></span> <span class='ocrx_word' id='word_1_247' title='bbox 299 4141 379 4203; x_wconf 87' lang='lat' dir='ltr'>Aere</span> <span class='ocrx_word' id='word_1_248' title='bbox 393 4144 473 4203; x_wconf 89' lang='lat' dir='ltr'>ciere</span> <span class='ocrx_word' id='word_1_249' title='bbox 483 4144 599 4216; x_wconf 77' lang='lat' dir='ltr'>viros,&#39;’</span> <span class='ocrx_word' id='word_1_250' title='bbox 619 4145 717 4204; x_wconf 89' lang='lat' dir='ltr'>simili</span> <span class='ocrx_word' id='word_1_251' title='bbox 730 4147 830 4205; x_wconf 87' lang='lat' dir='ltr'>calere</span> <span class='ocrx_word' id='word_1_252' title='bbox 843 4146 994 4205; x_wconf 89' lang='lat' dir='ltr'>iactatum</span> <span class='ocrx_word' id='word_1_253' title='bbox 1007 4142 1204 4205; x_wconf 84' lang='lat' dir='ltr'>subiunxisse</span> <span class='ocrx_word' id='word_1_254' title='bbox 1214 4145 1232 4174; x_wconf 86' lang='lat'><strong>“</strong></span> <span class='ocrx_word' id='word_1_255' title='bbox 1242 4142 1390 4202; x_wconf 84' lang='lat' dir='ltr'>Martem-</span> 
     </span>
     <span class='ocr_line' id='line_1_31' title="bbox 181 4235 1391 4316; baseline 0.001 -25"><span class='ocrx_word' id='word_1_256' title='bbox 181 4252 242 4310; x_wconf 90' lang='lat' dir='ltr'>que</span> <span class='ocrx_word' id='word_1_257' title='bbox 258 4235 425 4294; x_wconf 86' lang='lat' dir='ltr'>accendere</span> <span class='ocrx_word' id='word_1_258' title='bbox 437 4235 564 4308; x_wconf 89' lang='lat' dir='ltr'>cautu,’&#39;</span> <span class='ocrx_word' id='word_1_259' title='bbox 578 4237 746 4316; x_wconf 85' lang='lat' dir='ltr'>statimque</span> <span class='ocrx_word' id='word_1_260' title='bbox 759 4237 819 4297; x_wconf 91' lang='lat' dir='ltr'>sibi</span> <span class='ocrx_word' id='word_1_261' title='bbox 827 4237 995 4316; x_wconf 86' lang='lat' dir='ltr'>imperasse</span> <span class='ocrx_word' id='word_1_262' title='bbox 1009 4241 1047 4294; x_wconf 92' lang='lat' dir='ltr'>ut</span> <span class='ocrx_word' id='word_1_263' title='bbox 1059 4240 1227 4311; x_wconf 89' lang='lat' dir='ltr'>utrumque</span> <span class='ocrx_word' id='word_1_264' title='bbox 1241 4235 1391 4293; x_wconf 82' lang='lat' dir='ltr'>volumini</span> 
     </span>
     <span class='ocr_line' id='line_1_32' title="bbox 178 4329 1393 4412; baseline 0 -24"><span class='ocrx_word' id='word_1_265' title='bbox 178 4330 373 4390; x_wconf 87' lang='lat' dir='ltr'>adscriberet.</span> <span class='ocrx_word' id='word_1_266' title='bbox 425 4332 474 4391; x_wconf 89' lang='lat'>35.</span> <span class='ocrx_word' id='word_1_267' title='bbox 495 4331 587 4391; x_wconf 84' lang='lat' dir='ltr'>Auno</span> <span class='ocrx_word' id='word_1_268' title='bbox 613 4333 725 4393; x_wconf 86' lang='lat' dir='ltr'>aetatis</span> <span class='ocrx_word' id='word_1_269' title='bbox 752 4333 1006 4412; x_wconf 81' lang='lat' dir='ltr'>quinquagesimo</span> <span class='ocrx_word' id='word_1_270' title='bbox 1034 4330 1171 4391; x_wconf 88' lang='lat' dir='ltr'>secundo</span> <span class='ocrx_word' id='word_1_271' title='bbox 1189 4329 1393 4407; x_wconf 87' lang='lat' dir='ltr'>impositurus</span> 
     </span>
     <span class='ocr_line' id='line_1_33' title="bbox 177 4419 1391 4494; baseline 0.002 -15"><span class='ocrx_word' id='word_1_272' title='bbox 177 4419 312 4482; x_wconf 86' lang='lat' dir='ltr'>Aeneidi</span> <span class='ocrx_word' id='word_1_273' title='bbox 328 4444 624 4494; x_wconf 15' lang='lat' dir='ltr'>summamkmauum</span> <span class='ocrx_word' id='word_1_274' title='bbox 646 4426 759 4486; x_wconf 85' lang='lat' dir='ltr'>statuit</span> <span class='ocrx_word' id='word_1_275' title='bbox 772 4426 805 4484; x_wconf 87' lang='lat' dir='ltr'>in</span> <span class='ocrx_word' id='word_1_276' title='bbox 828 4425 988 4492; x_wconf 86' lang='lat' dir='ltr'>Graeciam</span> <span class='ocrx_word' id='word_1_277' title='bbox 1012 4429 1045 4484; x_wconf 92' lang='lat' dir='ltr'>et</span> <span class='ocrx_word' id='word_1_278' title='bbox 1064 4425 1098 4481; x_wconf 90' lang='lat' dir='ltr'>iu</span> <span class='ocrx_word' id='word_1_279' title='bbox 1114 4421 1224 4482; x_wconf 83' lang='lat' dir='ltr'>Asiam</span> <span class='ocrx_word' id='word_1_280' title='bbox 1243 4422 1391 4494; x_wconf 87' lang='lat' dir='ltr'>secedere,</span> 
     </span>
    </p>
   </div>
   <div class='ocr_carea' id='block_1_8' title="bbox 0 0 1564 5009">
    <p class='ocr_par' dir='ltr' id='par_1_10' title="bbox 0 0 1564 5009">
     <span class='ocr_line' id='line_1_34' title="bbox 0 0 1564 5009; baseline 0 9"><span class='ocrx_word' id='word_1_281' title='bbox 0 0 1564 5009; x_wconf 95' lang='lat' dir='ltr'> </span> 
     </span>
    </p>
   </div>
  </div>
 </body>
</html>
