3117 5009
640 449 643 454 ‚
724 369 932 439 SERVIUS.
964 365 967 368 ‘

444 546 594 614 Tyndarida
604 545 703 611 aspicio
715 565 722 608 ;
739 548 804 604 dant
815 547 887 597 clam
897 546 1020 598 incendis
1029 547 1120 598 lucam

444 624 553 673 Errasti
562 625 712 688 passimque
722 624 812 673 oculos
824 639 872 687 per
881 628 979 674 emota
990 623 1097 674 ferenti.

445 700 497 751 Illa
508 701 559 751 sibi
569 701 680 750 infestos
691 714 784 750 eversa
794 701 828 749 ob
840 700 969 763 Pergama
980 699 1094 749 Teuonos

444 778 481 826 Iit
491 777 611 827 Danaum
622 791 733 840 poenam
744 779 773 826 et
784 776 883 826 deserti
893 777 1013 839 coniugis
1023 776 1077 826 iras

445 853 641 913 Praemetnens,
652 853 746 924 Troius
754 856 785 902 et
795 853 899 917 patrias
910 853 1054 903 eommunis
1065 852 1171 917 Euinys,

444 929 592 981 Abdiderat
601 945 661 980 sese
672 933 752 994 atque
763 930 817 979 aris
827 930 914 979 invisa
924 929 1040 981 sedebat.

446 1007 576 1057 Exarsere
587 1009 662 1071 ignes
673 1008 776 1066 nuim03
794 1008 866 1056 subit
877 1006 917 1057 isa
929 1008 1069 1057 cadentem

445 1083 546 1134 Ulcisci
556 1085 671 1149 pattiam
682 1089 711 1133 et
722 1083 865 1134 sceleratas
877 1099 980 1133 sumere
992 1099 1099 1146 poenas.

445 1159 556 1210 Scilicet
567 1162 633 1210 haec
645 1161 769 1223 Spartam
779 1161 917 1210 incolumis
928 1161 1082 1225 patriasque
1093 1159 1224 1224 Mycenas

381 1227 388 1240 ’
444 1237 570 1301 Aspicist,
581 1242 711 1302 partoque
721 1236 772 1285 ibit
782 1237 875 1300 regina
885 1237 1026 1300 triumpho,

444 1314 652 1378 Coniugiumqne
664 1313 831 1377 domumque,
843 1318 932 1376 patres
943 1317 1070 1377 natosque
1082 1313 1191 1372 videbit,
1270 1365 1275 1376 ¹

443 1389 557 1440 Iliadum
569 1392 648 1440 turba
659 1393 686 1440 st
698 1390 821 1454 Phrygiis
832 1391 960 1440 comitata
969 1390 1119 1439 ministris?
1174 1425 1179 1436 .
1216 1447 1222 1458 ,

443 1468 577 1518 Occiderit
587 1467 660 1518 terro
670 1467 812 1518 Priamus?
845 1468 922 1518 'l'roia
933 1469 1029 1518 arserit
1039 1468 1117 1530 igni?

444 1545 606 1594 Dardanium
617 1544 716 1594 totions
727 1544 828 1593 sudarit
839 1544 966 1607 sanguine
977 1543 1062 1593 litus?

443 1621 503 1670 Non
513 1622 561 1670 ita.
594 1621 713 1685 Namque
724 1621 775 1669 etsi
786 1620 888 1669 nullum
896 1620 1066 1670 memorabile
1076 1625 1181 1670 nomen

367 1761 369 1769 k
443 1698 568 1747 Feminea
578 1697 606 1746 in
616 1711 701 1761 poena
711 1702 761 1756 est,
773 1713 824 1747 nco
835 1698 916 1747 habet
927 1697 1038 1747 victoria
1048 1696 1163 1755 laudem,

443 1773 592 1824 sxsinxisss
602 1773 679 1824 naias
689 1777 780 1823 tamen
791 1777 819 1823 et
830 1774 974 1837 sumpsisse
984 1774 1112 1823 merentis

446 1850 586 1901 Laudsbor
597 1865 703 1914 poenas,
715 1850 883 1914 animumque
893 1850 1011 1912 explesse
1022 1850 1125 1899 iuvabit

443 1927 553 1977 Ultricis
563 1927 660 1976 samam
672 1930 700 1977 et
711 1927 814 1977 cineres
825 1927 937 1976 satiasse
947 1941 1075 1975 meorum.

443 2003 518 2054 'I'alia
527 2004 660 2054 iactabant
669 2007 697 2053 et
708 2003 809 2054 furiata
820 2006 908 2052 mente
919 2002 1033 2053 ferebar.

609 2276 779 2335 Sestiacos
791 2274 906 2332 Aeaeid
921 2274 949 2332 3.
964 2273 1033 2336 204.
1095 2245 1097 2249 Δ

444 2417 496 2468 Hic
508 2417 612 2481 Pelopis
622 2422 716 2480 gentes
728 2417 880 2480 Maleaeque
891 2415 1013 2466 sonantia
1023 2430 1087 2465 saxa

445 2494 634 2553 Circumstant,
645 2494 797 2557 pariterque
808 2491 895 2541 undae
906 2496 1043 2556 ten-aeque
1053 2492 1196 2541 minantur.

447 2569 593 2628 Pulsamur,
605 2569 691 2619 saevis
703 2573 731 2618 et
741 2569 961 2618 oncumsistimnr
970 2568 1057 2617 undis.

275 2670 321 2727 Hi
334 2689 441 2730 versus
455 2670 658 2731 circumducti
672 2670 820 2728 dicuntur
833 2674 864 2727 ot
878 2674 964 2727 extra
976 2669 1121 2746 paginam
1134 2670 1167 2726 in
1180 2671 1295 2727 mundo

608 2939 776 2999 Semissos
791 2939 904 2998 Aeszeid
916 2939 944 2996 6.
959 2938 1027 2996 289.

258 3065 338 3128 Sane
352 3068 477 3147 quidam
491 3069 599 3129 dicunt
612 3090 722 3130 versus
734 3069 811 3128 alios
819 3069 876 3128 hos
889 3089 908 3128 a
917 3073 1009 3146 poeta
1021 3068 1078 3128 hoc
1096 3070 1161 3128 loco
1172 3067 1303 3138 relictos,
1318 3067 1373 3144 qui
1387 3068 1428 3127 ab

214 3162 281 3220 eius
295 3159 542 3223 emendatom'bu's
556 3162 671 3222 sublati
684 3166 775 3221 suut:

451 3313 577 3376 Gorgonis
588 3313 617 3362 in
627 3312 714 3363 medio
725 3314 880 3376 portentum
891 3299 996 3363 inmane
1007 3311 1131 3363 Medusae
1141 3333 1148 3371 ;

447 3389 578 3456 Vipereos
589 3391 690 3440 sucum
701 3404 748 3440 ora
758 3404 858 3449 comae,
869 3391 913 3439 cui
924 3389 1001 3440 sibila
1010 3393 1142 3455 torquent,

449 3466 618 3531 Infamesque
631 3466 717 3528 rigent
729 3466 806 3525 oculi,
818 3469 959 3531 mentoque
970 3467 1018 3515 sub
1029 3465 1083 3515 imo

450 3546 609 3609 Serpentum
621 3545 746 3594 extremis
756 3545 890 3594 nodantur
899 3546 1005 3595 vincula
1016 3545 1114 3595 caudis.

257 3699 319 3759 For
331 3719 351 3760 a
364 3700 535 3776 discussion
548 3701 582 3760 oi
595 3700 649 3760 the
663 3701 821 3779 questions
834 3700 935 3759 raised
941 3701 984 3778 by
997 3700 1051 3759 the
1063 3701 1161 3761 above
1168 3719 1313 3778 passages
1328 3700 1344 3756 Ι
1357 3662 1425 3776 may

215 3800 301 3857 refer
312 3792 367 3852 the
381 3793 532 3852 readerto
552 3813 605 3872 my
625 3793 744 3852 edition
763 3793 797 3852 of
820 3793 873 3850 the
891 3793 1037 3851 memoiss
1056 3793 1170 3870 quoted
1184 3793 1328 3869 (dimicat
1341 3792 1425 3849 Lisos

216 3885 252 3961 of
274 3885 382 3964 Vespil,
401 3884 577 3945 Clarendon
591 3885 693 3958 Pras,
710 3885 839 3956 Oxioud,
856 3884 1063 3964 1879).-·[H.
1076 3885 1133 3964 N.]
