3117 5009
503 406 772 486 SUETONIUS,
795 405 891 474 Ero.
1232 404 1320 471 lxvii

107 584 305 665 triennioque
323 585 468 646 continno
491 586 570 646 nihil
591 586 724 664 amplius
748 604 842 664 qnam
861 583 1034 655 emendare,
1055 586 1093 642 ut
1110 582 1229 660 reliqua
1251 583 1318 642 vita

110 683 230 738 tantum
239 679 587 757 philosophiaeracaret.
616 678 678 739 Sed
686 700 757 739 cum
767 676 1322 757 ingressusiterAthenisooonrrisset

110 767 253 848 Angusto
277 770 319 829 ab
342 769 469 830 Oriente
492 771 625 830 Romam
642 769 821 841 revertenti,
835 768 1065 845 destinaretque
1086 787 1149 826 non
1171 765 1320 826 absistere

108 864 200 937 atque
217 861 316 920 etiam
328 881 393 921 una
408 863 518 935 redire,
533 863 607 922 dnm
624 861 753 940 Megara
766 861 907 922 vicinum
928 859 1076 938 oppidum
1091 858 1318 918 ferventissimo

109 953 170 1013 sole
187 955 358 1033 cognoscit,
373 958 553 1035 languorem
570 962 681 1017 nactus
694 960 751 1029 est,
765 975 899 1034 eumque
911 973 975 1013 non
994 953 1172 1013 intermissa
1192 952 1318 1028 naviga·

109 1045 191 1105 tione
200 1048 292 1106 auxit
305 1047 353 1106 ita
365 1053 401 1126 ut
412 1049 538 1126 gravior
551 1049 716 1128 aliquando
730 1047 934 1107 Brundisium
956 1046 1132 1125 appelleret,
1146 1043 1201 1104 ubi
1212 1044 1319 1102 diebus

109 1137 213 1213 paucis
227 1138 308 1198 obiit
321 1140 380 1199 XI.
400 1140 472 1199 Kal.
487 1141 555 1202 Oct.
570 1140 604 1201 Ο.
621 1141 728 1200 Sentio
742 1139 778 1215 Q.
795 1139 939 1200 Lucretio
952 1137 1139 1198 consulibus.

148 1229 194 1287 39.
217 1229 338 1309 Egerat
357 1251 428 1291 oum
441 1232 539 1293 Vario
560 1233 741 1312 priusquam
757 1231 850 1292 Italia
872 1230 1034 1291 decederet
1054 1234 1092 1289 ut
1112 1230 1139 1289 si
1160 1228 1235 1307 quid
1259 1227 1318 1287 sibi

19 1391 20 1394 Ἴ
109 1319 429 1382 aocidissetAeneida
441 1325 652 1395 combureret;
670 1327 704 1382 at
719 1323 746 1383 is
759 1324 918 1383 facturum
934 1341 967 1382 se
980 1325 1175 1399 pernegarat.
1216 1319 1321 1397 Igitur

110 1410 142 1468 in
164 1418 312 1479 extrema,
329 1416 506 1475 valetudine
527 1416 655 1476 adsidue
677 1418 791 1479 serinia
813 1416 999 1482 desideravit
1020 1419 1211 1474 crematurus
1236 1413 1320 1490 ipse;

110 1521 214 1564 verum
227 1507 356 1566 nemine
365 1508 513 1568 offerente
521 1508 598 1568 nihil
606 1510 731 1588 quidem
739 1508 921 1569 nominatim
930 1509 968 1567 de
979 1526 1013 1566 ea
1024 1507 1115 1578 cavit,
1126 1507 1174 1565 40.
1184 1509 1321 1564 ceterum

109 1595 205 1655 eidem
224 1599 328 1659 Vario
343 1605 375 1659 et
389 1601 508 1662 Tuscae
525 1602 641 1681 scripta
658 1623 715 1663 sua
730 1604 790 1664 snb
806 1623 843 1663 ea
862 1602 1040 1663 condicione
1052 1600 1171 1679 legarit
1188 1619 1227 1657 ne
1245 1598 1321 1675 quid

107 1688 233 1748 ederent
247 1693 334 1770 quod
347 1712 436 1754 nona
448 1714 481 1754 so
491 1695 609 1754 editum
617 1701 707 1755 esset.
740 1697 790 1756 41.
810 1696 919 1755 Edidit
927 1700 1032 1755 autem
1045 1689 1321 1767 auotoreAugusto

111 1777 231 1853 Varius,
248 1783 307 1842 sed
319 1786 498 1856 summatim
506 1786 675 1861 emendata,
686 1792 723 1847 nt
736 1788 793 1866 qui
804 1808 910 1848 versus
921 1788 1016 1847 etiam
1024 1783 1219 1862 imperfectos
1229 1781 1322 1840 sicuti

107 1879 193 1932 erant
205 1877 390 1954 reliquerit;
404 1899 481 1956 quos
494 1879 585 1938 multi
598 1901 670 1939 mox
684 1882 825 1960 supplere
832 1880 935 1940 conati
945 1899 1007 1938 non
1017 1877 1146 1955 perinde
1156 1876 1323 1934 valuerunt

107 1965 147 2024 ob
160 1966 388 2041 difficultatem,
404 1971 487 2047 quod
499 1972 604 2031 omnia
617 1972 700 2050 apud
713 1991 783 2032 eum
796 1970 991 2034 hemistichia
1009 1969 1150 2029 absoluto
1169 1968 1320 2045 perfecto-

18 2141 19 2144 *
109 2077 168 2134 que
179 2067 255 2120 sunt
272 2081 366 2122 sensu
379 2070 501 2141 praeter
513 2066 591 2124 illud
606 2071 622 2097 “
634 2087 727 2144 quem
739 2066 798 2125 tibi
811 2066 875 2125 iam
890 2063 1013 2124 Troia.”

147 2153 195 2212 42.
215 2156 317 2215 Nisus
344 2160 567 2235 grammaticus
593 2161 716 2220 audisse
742 2179 775 2219 se
803 2181 841 2219 ex
867 2159 1039 2236 senioribus
1066 2157 1168 2216 aiebat
1188 2153 1322 2214 Varium

109 2243 241 2306 duorum
259 2247 411 2308 librorum
428 2251 566 2310 ordinem
584 2257 795 2322 commutasse,
815 2255 848 2310 et
866 2252 920 2329 qui
936 2257 1012 2310 tuno
1030 2249 1182 2309 secundus
1202 2250 1268 2305 erat
1288 2243 1323 2300 in
1408 2281 1411 2286 -

112 2338 236 2398 tertium
251 2339 357 2399 locum
370 2342 576 2414 transtulisse,
590 2343 684 2403 etiam
698 2342 792 2421 primi
804 2344 876 2402 libri
889 2342 1058 2402 correxisse
1070 2339 1258 2421 principium
1272 2335 1323 2393 his

109 2431 245 2491 versibus
262 2433 399 2510 demptis

379 2575 430 2624 Ille
440 2591 490 2638 ego
502 2577 548 2641 qni
558 2577 690 2642 quondam
700 2576 794 2640 gracili
804 2576 953 2626 modulatus
963 2590 1049 2626 arena

380 2651 501 2712 Carmen,
514 2657 542 2702 et
552 2669 675 2717 egressus
687 2653 760 2703 silvis
772 2653 862 2704 vicina
872 2653 948 2716 ooagi

381 2727 419 2776 Ut
430 2729 551 2792 quamvis
562 2730 639 2780 arido
649 2733 774 2794 parerent
785 2746 852 2780 arva
862 2730 959 2790 colono,

381 2805 492 2855 Gratum
504 2822 569 2869 opus
579 2809 719 2871 agricolis3
740 2811 770 2859 at
780 2824 852 2858 nunc
863 2808 999 2859 horrentia
1009 2806 1103 2855 Mortis

378 2883 460 2933 Arma
470 2885 605 2950 virumque
617 2901 690 2935 cano.
1143 2889 1145 2891 ’

416 3131 592 3206 Macrobius,
607 3132 793 3205 Saturnalia,
809 3132 836 3190 l.
851 3131 899 3190 24.
915 3130 1015 3189 10-11.
1124 3140 1130 3167 ²

150 3247 242 3321 Audi,
258 3248 337 3326 quid
350 3249 388 3307 de
404 3250 505 3328 operis
518 3250 568 3310 sui
581 3249 745 3328 multiplici
758 3250 901 3310 doctrina
910 3250 976 3327 ipse
988 3246 1179 3326 pronuntiet.
1221 3243 1325 3322 Ipsius

110 3341 190 3399 enim
199 3341 344 3400 Maronis
355 3341 495 3419 epistole,
505 3362 566 3420 qua
574 3343 738 3421 compellat
745 3340 934 3419 Augustum,
945 3340 991 3398 ita
999 3339 1111 3416 incipit
1122 3362 1130 3409 3
1142 3336 1235 3414 “Ego
1249 3356 1323 3395 vero

114 3432 293 3511 frequentes
307 3453 327 3492 a
342 3439 373 3493 te
392 3432 512 3494 litteras
528 3434 675 3512 accipio,”
692 3440 724 3494 et
740 3434 825 3493 infra
847 3435 921 3492 “De
938 3429 1045 3490 Aenea
1062 3431 1186 3508 quidem
1204 3427 1324 3499 meo,si

112 3524 266 3584 mehercle
285 3524 350 3588 iam
370 3526 501 3604 dignum
515 3527 643 3587 auribus
662 3526 810 3587 haberem
829 3524 903 3595 tuis,
921 3523 1053 3583 libenter
1071 3523 1244 3591 mitterem3
1270 3520 1324 3578 sed

112 3617 204 3675 tanto.
222 3615 371 3675 incohata
385 3637 434 3677 res
455 3623 510 3691 est,
529 3624 567 3676 ut
585 3638 683 3696 paene
704 3618 783 3678 vitio
800 3616 914 3676 mentis
929 3619 1053 3673 tantum
1071 3632 1148 3690 opus
1165 3612 1325 3689 ingressus

111 3706 183 3766 mihi
215 3707 332 3781 videar,
346 3728 417 3769 oum
440 3711 629 3788 praesertim,
644 3716 681 3769 ut
705 3711 774 3781 scis,
789 3710 850 3769 alia
870 3727 991 3786 quoqne
1009 3705 1113 3765 studia
1131 3706 1171 3764 ad
1193 3704 1226 3762 id
1246 3723 1325 3781 opus

116 3800 281 3876 multoque
311 3800 435 3878 potiora
461 3801 650 3880 impertiar.”

111 4081 200 4140 From
218 4083 267 4141 the
286 4082 415 4141 Mernoir
423 4083 554 4161 profiteri
568 4090 597 4141 to
612 4084 661 4142 the
676 4085 881 4161 Commeatorp
895 4083 929 4161 of
941 4080 1061 4142 Servius
1083 4099 1120 4139 on
1138 4079 1186 4138 tte
1203 4075 1326 4138 Aeneia

150 4200 195 4258 Et
208 4200 241 4258 in
254 4200 391 4261 secundo
403 4200 461 4260 hos
473 4221 579 4261 versus
593 4206 716 4261 constat
729 4221 795 4261 esse
809 4201 964 4260 detractos

600 4333 648 4379 aut
659 4328 766 4390 ignibus
777 4342 858 4390 aegre
868 4329 972 4378 dedere.

381 4405 490 4474 Iamque
500 4407 566 4459 adeo
577 4424 657 4472 super
667 4424 735 4458 unus
746 4424 828 4468 eram,
840 4422 902 4458 cum
912 4407 1004 4456 limina
1014 4406 1114 4456 Vestae

379 4484 535 4536 servantem
546 4489 575 4536 et
586 4486 695 4537 tacitam
706 4491 810 4536 secretu
821 4485 850 4534 in
861 4483 924 4535 sede
934 4484 1073 4533 latentem
